@misc{bartnik2021,
  url =          {https://monkeytype.com/about},
  journal =      {Monkeytype},
  author =       {Bartnik, Jack},
  year =         2021
}

@book{dobson2009touch,
  title =        {Touch Typing in Ten Hours},
  author =       {Dobson, Ann},
  year =         2009,
  publisher =    {Hachette UK}
}

@article{donica2018,
  title =        {Keyboarding instruction: Comparison of techniques for improved
                  keyboarding skills in elementary students},
  volume =       11,
  DOI =          {10.1080/19411243.2018.1512067},
  number =       4,
  journal =      {Journal of Occupational Therapy, Schools, &amp; Early
                  Intervention},
  author =       {Donica, Denise K. and Giroux, Peter and Faust, Amber},
  year =         2018,
  pages =        {396–410}
}

@article{serina1999,
  title =        {Wrist and forearm postures and motions during typing},
  volume =       42,
  DOI =          {10.1080/001401399185225},
  number =       7,
  journal =      {Ergonomics},
  author =       {Serina, Elaine R. and Tal, Ron and Rempel, David},
  year =         1999,
  pages =        {938–951}
}

@article{toosi2015,
  title =        {Computer keyboarding biomechanics and acute changes in median
                  nerve indicative of carpal tunnel syndrome},
  volume =       30,
  DOI =          {10.1016/j.clinbiomech.2015.04.008},
  number =       6,
  journal =      {Clinical Biomechanics},
  author =       {Toosi, Kevin K. and Hogaboom, Nathan S. and Oyster, Michelle
                  L. and Boninger, Michael L.},
  year =         2015,
  pages =        {546–550}
}
